%YAML 1.1
%TAG !u! tag:unity3d.com,2011:
--- !u!1001 &100100000
Prefab:
  m_ObjectHideFlags: 1
  serializedVersion: 2
  m_Modification:
    m_TransformParent: {fileID: 0}
    m_Modifications: []
    m_RemovedComponents: []
  m_SourcePrefab: {fileID: 0}
  m_RootGameObject: {fileID: 1656772437089028}
  m_IsPrefabAsset: 1
--- !u!1 &1001583281291692
GameObject:
  m_ObjectHideFlags: 1
  m_CorrespondingSourceObject: {fileID: 0}
  m_PrefabInternal: {fileID: 100100000}
  serializedVersion: 6
  m_Component:
  - component: {fileID: 4197484814473410}
  m_Layer: 0
  m_Name: HARPY_ L Toe11
  m_TagString: Untagged
  m_Icon: {fileID: 0}
  m_NavMeshLayer: 0
  m_StaticEditorFlags: 0
  m_IsActive: 1
--- !u!1 &1016638456375862
GameObject:
  m_ObjectHideFlags: 1
  m_CorrespondingSourceObject: {fileID: 0}
  m_PrefabInternal: {fileID: 100100000}
  serializedVersion: 6
  m_Component:
  - component: {fileID: 4470427269503826}
  m_Layer: 0
  m_Name: HARPY_ R Finger1
  m_TagString: Untagged
  m_Icon: {fileID: 0}
  m_NavMeshLayer: 0
  m_StaticEditorFlags: 0
  m_IsActive: 1
--- !u!1 &1032426069486476
GameObject:
  m_ObjectHideFlags: 1
  m_CorrespondingSourceObject: {fileID: 0}
  m_PrefabInternal: {fileID: 100100000}
  serializedVersion: 6
  m_Component:
  - component: {fileID: 4521207072479488}
  m_Layer: 0
  m_Name: HARPY_ Queue de cheval 13
  m_TagString: Untagged
  m_Icon: {fileID: 0}
  m_NavMeshLayer: 0
  m_StaticEditorFlags: 0
  m_IsActive: 1
--- !u!1 &1044826774500640
GameObject:
  m_ObjectHideFlags: 1
  m_CorrespondingSourceObject: {fileID: 0}
  m_PrefabInternal: {fileID: 100100000}
  serializedVersion: 6
  m_Component:
  - component: {fileID: 4721543303240908}
  m_Layer: 0
  m_Name: HARPY_ Ponytail15
  m_TagString: Untagged
  m_Icon: {fileID: 0}
  m_NavMeshLayer: 0
  m_StaticEditorFlags: 0
  m_IsActive: 1
--- !u!1 &1080660480204956
GameObject:
  m_ObjectHideFlags: 1
  m_CorrespondingSourceObject: {fileID: 0}
  m_PrefabInternal: {fileID: 100100000}
  serializedVersion: 6
  m_Component:
  - component: {fileID: 4827373431111554}
  m_Layer: 0
  m_Name: HARPY_ R Toe32
  m_TagString: Untagged
  m_Icon: {fileID: 0}
  m_NavMeshLayer: 0
  m_StaticEditorFlags: 0
  m_IsActive: 1
--- !u!1 &1083217149543540
GameObject:
  m_ObjectHideFlags: 1
  m_CorrespondingSourceObject: {fileID: 0}
  m_PrefabInternal: {fileID: 100100000}
  serializedVersion: 6
  m_Component:
  - component: {fileID: 4690407936720342}
  m_Layer: 0
  m_Name: HARPY_ L Calf
  m_TagString: Untagged
  m_Icon: {fileID: 0}
  m_NavMeshLayer: 0
  m_StaticEditorFlags: 0
  m_IsActive: 1
--- !u!1 &1095393723830806
GameObject:
  m_ObjectHideFlags: 0
  m_CorrespondingSourceObject: {fileID: 0}
  m_PrefabInternal: {fileID: 100100000}
  serializedVersion: 6
  m_Component:
  - component: {fileID: 4971011613640798}
  - component: {fileID: 23960681362447894}
  m_Layer: 0
  m_Name: Hitbox
  m_TagString: Enemy
  m_Icon: {fileID: 0}
  m_NavMeshLayer: 0
  m_StaticEditorFlags: 0
  m_IsActive: 1
--- !u!1 &1108530697594476
GameObject:
  m_ObjectHideFlags: 1
  m_CorrespondingSourceObject: {fileID: 0}
  m_PrefabInternal: {fileID: 100100000}
  serializedVersion: 6
  m_Component:
  - component: {fileID: 4744176171902374}
  m_Layer: 0
  m_Name: HARPY_ R Toe21
  m_TagString: Untagged
  m_Icon: {fileID: 0}
  m_NavMeshLayer: 0
  m_StaticEditorFlags: 0
  m_IsActive: 1
--- !u!1 &1124810875711186
GameObject:
  m_ObjectHideFlags: 1
  m_CorrespondingSourceObject: {fileID: 0}
  m_PrefabInternal: {fileID: 100100000}
  serializedVersion: 6
  m_Component:
  - component: {fileID: 4051618747746394}
  m_Layer: 0
  m_Name: HARPY_ Head
  m_TagString: Untagged
  m_Icon: {fileID: 0}
  m_NavMeshLayer: 0
  m_StaticEditorFlags: 0
  m_IsActive: 1
--- !u!1 &1159043392786780
GameObject:
  m_ObjectHideFlags: 1
  m_CorrespondingSourceObject: {fileID: 0}
  m_PrefabInternal: {fileID: 100100000}
  serializedVersion: 6
  m_Component:
  - component: {fileID: 4433089732071446}
  m_Layer: 0
  m_Name: HARPY_ R Finger01
  m_TagString: Untagged
  m_Icon: {fileID: 0}
  m_NavMeshLayer: 0
  m_StaticEditorFlags: 0
  m_IsActive: 1
--- !u!1 &1182983739370766
GameObject:
  m_ObjectHideFlags: 1
  m_CorrespondingSourceObject: {fileID: 0}
  m_PrefabInternal: {fileID: 100100000}
  serializedVersion: 6
  m_Component:
  - component: {fileID: 4440789572857486}
  m_Layer: 0
  m_Name: HARPY_ L Toe22
  m_TagString: Untagged
  m_Icon: {fileID: 0}
  m_NavMeshLayer: 0
  m_StaticEditorFlags: 0
  m_IsActive: 1
--- !u!1 &1190536907076582
GameObject:
  m_ObjectHideFlags: 0
  m_CorrespondingSourceObject: {fileID: 0}
  m_PrefabInternal: {fileID: 100100000}
  serializedVersion: 6
  m_Component:
  - component: {fileID: 4779721362424838}
  - component: {fileID: 137957348690393058}
  m_Layer: 0
  m_Name: HARPY
  m_TagString: Untagged
  m_Icon: {fileID: 0}
  m_NavMeshLayer: 0
  m_StaticEditorFlags: 0
  m_IsActive: 1
--- !u!1 &1201904748794142
GameObject:
  m_ObjectHideFlags: 1
  m_CorrespondingSourceObject: {fileID: 0}
  m_PrefabInternal: {fileID: 100100000}
  serializedVersion: 6
  m_Component:
  - component: {fileID: 4255560516886798}
  m_Layer: 0
  m_Name: HARPY_ R Finger0
  m_TagString: Untagged
  m_Icon: {fileID: 0}
  m_NavMeshLayer: 0
  m_StaticEditorFlags: 0
  m_IsActive: 1
--- !u!1 &1216944099800116
GameObject:
  m_ObjectHideFlags: 1
  m_CorrespondingSourceObject: {fileID: 0}
  m_PrefabInternal: {fileID: 100100000}
  serializedVersion: 6
  m_Component:
  - component: {fileID: 4849741156312874}
  m_Layer: 0
  m_Name: HARPY_ L Toe1
  m_TagString: Untagged
  m_Icon: {fileID: 0}
  m_NavMeshLayer: 0
  m_StaticEditorFlags: 0
  m_IsActive: 1
--- !u!1 &1222439882810846
GameObject:
  m_ObjectHideFlags: 1
  m_CorrespondingSourceObject: {fileID: 0}
  m_PrefabInternal: {fileID: 100100000}
  serializedVersion: 6
  m_Component:
  - component: {fileID: 4211657559156990}
  m_Layer: 0
  m_Name: HARPY_ L UpperArm
  m_TagString: Untagged
  m_Icon: {fileID: 0}
  m_NavMeshLayer: 0
  m_StaticEditorFlags: 0
  m_IsActive: 1
--- !u!1 &1230322244347116
GameObject:
  m_ObjectHideFlags: 1
  m_CorrespondingSourceObject: {fileID: 0}
  m_PrefabInternal: {fileID: 100100000}
  serializedVersion: 6
  m_Component:
  - component: {fileID: 4620951019007368}
  m_Layer: 0
  m_Name: HARPY_ R Toe31
  m_TagString: Untagged
  m_Icon: {fileID: 0}
  m_NavMeshLayer: 0
  m_StaticEditorFlags: 0
  m_IsActive: 1
--- !u!1 &1231665669684960
GameObject:
  m_ObjectHideFlags: 1
  m_CorrespondingSourceObject: {fileID: 0}
  m_PrefabInternal: {fileID: 100100000}
  serializedVersion: 6
  m_Component:
  - component: {fileID: 4721410067669766}
  m_Layer: 0
  m_Name: HARPY_ Pelvis
  m_TagString: Untagged
  m_Icon: {fileID: 0}
  m_NavMeshLayer: 0
  m_StaticEditorFlags: 0
  m_IsActive: 1
--- !u!1 &1254034006198124
GameObject:
  m_ObjectHideFlags: 1
  m_CorrespondingSourceObject: {fileID: 0}
  m_PrefabInternal: {fileID: 100100000}
  serializedVersion: 6
  m_Component:
  - component: {fileID: 4353535342776892}
  m_Layer: 0
  m_Name: HARPY_ L Toe2
  m_TagString: Untagged
  m_Icon: {fileID: 0}
  m_NavMeshLayer: 0
  m_StaticEditorFlags: 0
  m_IsActive: 1
--- !u!1 &1257116210013566
GameObject:
  m_ObjectHideFlags: 1
  m_CorrespondingSourceObject: {fileID: 0}
  m_PrefabInternal: {fileID: 100100000}
  serializedVersion: 6
  m_Component:
  - component: {fileID: 4378408613546418}
  m_Layer: 0
  m_Name: HARPY_ L Toe3
  m_TagString: Untagged
  m_Icon: {fileID: 0}
  m_NavMeshLayer: 0
  m_StaticEditorFlags: 0
  m_IsActive: 1
--- !u!1 &1266731456686404
GameObject:
  m_ObjectHideFlags: 1
  m_CorrespondingSourceObject: {fileID: 0}
  m_PrefabInternal: {fileID: 100100000}
  serializedVersion: 6
  m_Component:
  - component: {fileID: 4457774298682276}
  m_Layer: 0
  m_Name: HARPY_ L Forearm
  m_TagString: Untagged
  m_Icon: {fileID: 0}
  m_NavMeshLayer: 0
  m_StaticEditorFlags: 0
  m_IsActive: 1
--- !u!1 &1266835803060324
GameObject:
  m_ObjectHideFlags: 1
  m_CorrespondingSourceObject: {fileID: 0}
  m_PrefabInternal: {fileID: 100100000}
  serializedVersion: 6
  m_Component:
  - component: {fileID: 4987520694721662}
  m_Layer: 0
  m_Name: HARPY_ R Toe1
  m_TagString: Untagged
  m_Icon: {fileID: 0}
  m_NavMeshLayer: 0
  m_StaticEditorFlags: 0
  m_IsActive: 1
--- !u!1 &1270592786773396
GameObject:
  m_ObjectHideFlags: 1
  m_CorrespondingSourceObject: {fileID: 0}
  m_PrefabInternal: {fileID: 100100000}
  serializedVersion: 6
  m_Component:
  - component: {fileID: 4298673887492388}
  m_Layer: 0
  m_Name: HARPY_ L Toe31
  m_TagString: Untagged
  m_Icon: {fileID: 0}
  m_NavMeshLayer: 0
  m_StaticEditorFlags: 0
  m_IsActive: 1
--- !u!1 &1271992676604180
GameObject:
  m_ObjectHideFlags: 1
  m_CorrespondingSourceObject: {fileID: 0}
  m_PrefabInternal: {fileID: 100100000}
  serializedVersion: 6
  m_Component:
  - component: {fileID: 4389839470322924}
  m_Layer: 0
  m_Name: HARPY_ L Thigh
  m_TagString: Untagged
  m_Icon: {fileID: 0}
  m_NavMeshLayer: 0
  m_StaticEditorFlags: 0
  m_IsActive: 1
--- !u!1 &1354012679992926
GameObject:
  m_ObjectHideFlags: 1
  m_CorrespondingSourceObject: {fileID: 0}
  m_PrefabInternal: {fileID: 100100000}
  serializedVersion: 6
  m_Component:
  - component: {fileID: 4715556799570624}
  m_Layer: 0
  m_Name: HARPY_ R Foot
  m_TagString: Untagged
  m_Icon: {fileID: 0}
  m_NavMeshLayer: 0
  m_StaticEditorFlags: 0
  m_IsActive: 1
--- !u!1 &1379363309753762
GameObject:
  m_ObjectHideFlags: 1
  m_CorrespondingSourceObject: {fileID: 0}
  m_PrefabInternal: {fileID: 100100000}
  serializedVersion: 6
  m_Component:
  - component: {fileID: 4725842076619998}
  m_Layer: 0
  m_Name: HARPY_ L Toe21
  m_TagString: Untagged
  m_Icon: {fileID: 0}
  m_NavMeshLayer: 0
  m_StaticEditorFlags: 0
  m_IsActive: 1
--- !u!1 &1381923498369148
GameObject:
  m_ObjectHideFlags: 1
  m_CorrespondingSourceObject: {fileID: 0}
  m_PrefabInternal: {fileID: 100100000}
  serializedVersion: 6
  m_Component:
  - component: {fileID: 4142628661653262}
  m_Layer: 0
  m_Name: HARPY_ Spine
  m_TagString: Untagged
  m_Icon: {fileID: 0}
  m_NavMeshLayer: 0
  m_StaticEditorFlags: 0
  m_IsActive: 1
--- !u!1 &1395772827852210
GameObject:
  m_ObjectHideFlags: 1
  m_CorrespondingSourceObject: {fileID: 0}
  m_PrefabInternal: {fileID: 100100000}
  serializedVersion: 6
  m_Component:
  - component: {fileID: 4409617987029200}
  m_Layer: 0
  m_Name: HARPY_ R Toe3
  m_TagString: Untagged
  m_Icon: {fileID: 0}
  m_NavMeshLayer: 0
  m_StaticEditorFlags: 0
  m_IsActive: 1
--- !u!1 &1459818506165310
GameObject:
  m_ObjectHideFlags: 1
  m_CorrespondingSourceObject: {fileID: 0}
  m_PrefabInternal: {fileID: 100100000}
  serializedVersion: 6
  m_Component:
  - component: {fileID: 4186593342252712}
  m_Layer: 0
  m_Name: HARPY_ Tail
  m_TagString: Untagged
  m_Icon: {fileID: 0}
  m_NavMeshLayer: 0
  m_StaticEditorFlags: 0
  m_IsActive: 1
--- !u!1 &1491742962170098
GameObject:
  m_ObjectHideFlags: 1
  m_CorrespondingSourceObject: {fileID: 0}
  m_PrefabInternal: {fileID: 100100000}
  serializedVersion: 6
  m_Component:
  - component: {fileID: 4537364317228588}
  m_Layer: 0
  m_Name: HARPY_ R Toe02
  m_TagString: Untagged
  m_Icon: {fileID: 0}
  m_NavMeshLayer: 0
  m_StaticEditorFlags: 0
  m_IsActive: 1
--- !u!1 &1493530389267540
GameObject:
  m_ObjectHideFlags: 1
  m_CorrespondingSourceObject: {fileID: 0}
  m_PrefabInternal: {fileID: 100100000}
  serializedVersion: 6
  m_Component:
  - component: {fileID: 4718559494719290}
  m_Layer: 0
  m_Name: HARPY_ R Toe01
  m_TagString: Untagged
  m_Icon: {fileID: 0}
  m_NavMeshLayer: 0
  m_StaticEditorFlags: 0
  m_IsActive: 1
--- !u!1 &1498599199048868
GameObject:
  m_ObjectHideFlags: 1
  m_CorrespondingSourceObject: {fileID: 0}
  m_PrefabInternal: {fileID: 100100000}
  serializedVersion: 6
  m_Component:
  - component: {fileID: 4817272801407106}
  m_Layer: 0
  m_Name: HARPY_ R Toe11
  m_TagString: Untagged
  m_Icon: {fileID: 0}
  m_NavMeshLayer: 0
  m_StaticEditorFlags: 0
  m_IsActive: 1
--- !u!1 &1520185593988368
GameObject:
  m_ObjectHideFlags: 1
  m_CorrespondingSourceObject: {fileID: 0}
  m_PrefabInternal: {fileID: 100100000}
  serializedVersion: 6
  m_Component:
  - component: {fileID: 4341770974427124}
  m_Layer: 0
  m_Name: HARPY_ Queue de cheval 12
  m_TagString: Untagged
  m_Icon: {fileID: 0}
  m_NavMeshLayer: 0
  m_StaticEditorFlags: 0
  m_IsActive: 1
--- !u!1 &1534484225879492
GameObject:
  m_ObjectHideFlags: 1
  m_CorrespondingSourceObject: {fileID: 0}
  m_PrefabInternal: {fileID: 100100000}
  serializedVersion: 6
  m_Component:
  - component: {fileID: 4195828358138488}
  m_Layer: 0
  m_Name: HARPY_ Queue de cheval 11
  m_TagString: Untagged
  m_Icon: {fileID: 0}
  m_NavMeshLayer: 0
  m_StaticEditorFlags: 0
  m_IsActive: 1
--- !u!1 &1556579469885832
GameObject:
  m_ObjectHideFlags: 1
  m_CorrespondingSourceObject: {fileID: 0}
  m_PrefabInternal: {fileID: 100100000}
  serializedVersion: 6
  m_Component:
  - component: {fileID: 4664345211182244}
  m_Layer: 0
  m_Name: HARPY_EYE_R
  m_TagString: Untagged
  m_Icon: {fileID: 0}
  m_NavMeshLayer: 0
  m_StaticEditorFlags: 0
  m_IsActive: 1
--- !u!1 &1581398062276280
GameObject:
  m_ObjectHideFlags: 1
  m_CorrespondingSourceObject: {fileID: 0}
  m_PrefabInternal: {fileID: 100100000}
  serializedVersion: 6
  m_Component:
  - component: {fileID: 4461270809473304}
  m_Layer: 0
  m_Name: HARPY_ Queue de cheval 1
  m_TagString: Untagged
  m_Icon: {fileID: 0}
  m_NavMeshLayer: 0
  m_StaticEditorFlags: 0
  m_IsActive: 1
--- !u!1 &1591763889719838
GameObject:
  m_ObjectHideFlags: 1
  m_CorrespondingSourceObject: {fileID: 0}
  m_PrefabInternal: {fileID: 100100000}
  serializedVersion: 6
  m_Component:
  - component: {fileID: 4398385637038656}
  m_Layer: 0
  m_Name: HARPY_ R Toe22
  m_TagString: Untagged
  m_Icon: {fileID: 0}
  m_NavMeshLayer: 0
  m_StaticEditorFlags: 0
  m_IsActive: 1
--- !u!1 &1624039789889498
GameObject:
  m_ObjectHideFlags: 1
  m_CorrespondingSourceObject: {fileID: 0}
  m_PrefabInternal: {fileID: 100100000}
  serializedVersion: 6
  m_Component:
  - component: {fileID: 4118649625306436}
  m_Layer: 0
  m_Name: HARPY_BREAST_L
  m_TagString: Untagged
  m_Icon: {fileID: 0}
  m_NavMeshLayer: 0
  m_StaticEditorFlags: 0
  m_IsActive: 1
--- !u!1 &1627363745576724
GameObject:
  m_ObjectHideFlags: 0
  m_CorrespondingSourceObject: {fileID: 0}
  m_PrefabInternal: {fileID: 100100000}
  serializedVersion: 6
  m_Component:
  - component: {fileID: 4286621289436432}
  m_Layer: 0
  m_Name: ROOT
  m_TagString: Untagged
  m_Icon: {fileID: 0}
  m_NavMeshLayer: 0
  m_StaticEditorFlags: 0
  m_IsActive: 1
--- !u!1 &1630398612325268
GameObject:
  m_ObjectHideFlags: 1
  m_CorrespondingSourceObject: {fileID: 0}
  m_PrefabInternal: {fileID: 100100000}
  serializedVersion: 6
  m_Component:
  - component: {fileID: 4971057164944076}
  m_Layer: 0
  m_Name: HARPY_ R Thigh
  m_TagString: Untagged
  m_Icon: {fileID: 0}
  m_NavMeshLayer: 0
  m_StaticEditorFlags: 0
  m_IsActive: 1
--- !u!1 &1634610852007906
GameObject:
  m_ObjectHideFlags: 1
  m_CorrespondingSourceObject: {fileID: 0}
  m_PrefabInternal: {fileID: 100100000}
  serializedVersion: 6
  m_Component:
  - component: {fileID: 4960735319404652}
  m_Layer: 0
  m_Name: HARPY_ Queue de cheval 14
  m_TagString: Untagged
  m_Icon: {fileID: 0}
  m_NavMeshLayer: 0
  m_StaticEditorFlags: 0
  m_IsActive: 1
--- !u!1 &1642176347965750
GameObject:
  m_ObjectHideFlags: 1
  m_CorrespondingSourceObject: {fileID: 0}
  m_PrefabInternal: {fileID: 100100000}
  serializedVersion: 6
  m_Component:
  - component: {fileID: 4686821100625386}
  m_Layer: 0
  m_Name: HARPY_ R Toe12
  m_TagString: Untagged
  m_Icon: {fileID: 0}
  m_NavMeshLayer: 0
  m_StaticEditorFlags: 0
  m_IsActive: 1
--- !u!1 &1643894043040264
GameObject:
  m_ObjectHideFlags: 1
  m_CorrespondingSourceObject: {fileID: 0}
  m_PrefabInternal: {fileID: 100100000}
  serializedVersion: 6
  m_Component:
  - component: {fileID: 4756970666724920}
  m_Layer: 0
  m_Name: HARPY_ L Finger01
  m_TagString: Untagged
  m_Icon: {fileID: 0}
  m_NavMeshLayer: 0
  m_StaticEditorFlags: 0
  m_IsActive: 1
--- !u!1 &1648014296023556
GameObject:
  m_ObjectHideFlags: 1
  m_CorrespondingSourceObject: {fileID: 0}
  m_PrefabInternal: {fileID: 100100000}
  serializedVersion: 6
  m_Component:
  - component: {fileID: 4340109842269264}
  m_Layer: 0
  m_Name: HARPY_
  m_TagString: Untagged
  m_Icon: {fileID: 0}
  m_NavMeshLayer: 0
  m_StaticEditorFlags: 0
  m_IsActive: 1
--- !u!1 &1655705672491940
GameObject:
  m_ObjectHideFlags: 1
  m_CorrespondingSourceObject: {fileID: 0}
  m_PrefabInternal: {fileID: 100100000}
  serializedVersion: 6
  m_Component:
  - component: {fileID: 4112144175314872}
  m_Layer: 0
  m_Name: HARPY_ L Clavicle
  m_TagString: Untagged
  m_Icon: {fileID: 0}
  m_NavMeshLayer: 0
  m_StaticEditorFlags: 0
  m_IsActive: 1
--- !u!1 &1656772437089028
GameObject:
  m_ObjectHideFlags: 0
  m_CorrespondingSourceObject: {fileID: 0}
  m_PrefabInternal: {fileID: 100100000}
  serializedVersion: 6
  m_Component:
  - component: {fileID: 4256324921916206}
  - component: {fileID: 95828684270214490}
  - component: {fileID: 54439290699018360}
  - component: {fileID: 136628487328812522}
  - component: {fileID: 114663337075599470}
  m_Layer: 0
  m_Name: ElderHarpy
  m_TagString: Enemy
  m_Icon: {fileID: 0}
  m_NavMeshLayer: 0
  m_StaticEditorFlags: 0
  m_IsActive: 1
--- !u!1 &1660483379966698
GameObject:
  m_ObjectHideFlags: 1
  m_CorrespondingSourceObject: {fileID: 0}
  m_PrefabInternal: {fileID: 100100000}
  serializedVersion: 6
  m_Component:
  - component: {fileID: 4809901487377930}
  m_Layer: 0
  m_Name: HARPY_ L Toe12
  m_TagString: Untagged
  m_Icon: {fileID: 0}
  m_NavMeshLayer: 0
  m_StaticEditorFlags: 0
  m_IsActive: 1
--- !u!1 &1665705671697800
GameObject:
  m_ObjectHideFlags: 1
  m_CorrespondingSourceObject: {fileID: 0}
  m_PrefabInternal: {fileID: 100100000}
  serializedVersion: 6
  m_Component:
  - component: {fileID: 4996090803836540}
  m_Layer: 0
  m_Name: HARPY_ L HorseLink
  m_TagString: Untagged
  m_Icon: {fileID: 0}
  m_NavMeshLayer: 0
  m_StaticEditorFlags: 0
  m_IsActive: 1
--- !u!1 &1697929664816350
GameObject:
  m_ObjectHideFlags: 1
  m_CorrespondingSourceObject: {fileID: 0}
  m_PrefabInternal: {fileID: 100100000}
  serializedVersion: 6
  m_Component:
  - component: {fileID: 4264516124241946}
  m_Layer: 0
  m_Name: HARPY_ L Foot
  m_TagString: Untagged
  m_Icon: {fileID: 0}
  m_NavMeshLayer: 0
  m_StaticEditorFlags: 0
  m_IsActive: 1
--- !u!1 &1724767615619376
GameObject:
  m_ObjectHideFlags: 1
  m_CorrespondingSourceObject: {fileID: 0}
  m_PrefabInternal: {fileID: 100100000}
  serializedVersion: 6
  m_Component:
  - component: {fileID: 4437810641278068}
  m_Layer: 0
  m_Name: HARPY_ L Toe02
  m_TagString: Untagged
  m_Icon: {fileID: 0}
  m_NavMeshLayer: 0
  m_StaticEditorFlags: 0
  m_IsActive: 1
--- !u!1 &1760514189382180
GameObject:
  m_ObjectHideFlags: 1
  m_CorrespondingSourceObject: {fileID: 0}
  m_PrefabInternal: {fileID: 100100000}
  serializedVersion: 6
  m_Component:
  - component: {fileID: 4101760403115114}
  m_Layer: 0
  m_Name: HARPY_ R UpperArm
  m_TagString: Untagged
  m_Icon: {fileID: 0}
  m_NavMeshLayer: 0
  m_StaticEditorFlags: 0
  m_IsActive: 1
--- !u!1 &1767964730232582
GameObject:
  m_ObjectHideFlags: 1
  m_CorrespondingSourceObject: {fileID: 0}
  m_PrefabInternal: {fileID: 100100000}
  serializedVersion: 6
  m_Component:
  - component: {fileID: 4690572251367110}
  m_Layer: 0
  m_Name: HARPY_ R Forearm
  m_TagString: Untagged
  m_Icon: {fileID: 0}
  m_NavMeshLayer: 0
  m_StaticEditorFlags: 0
  m_IsActive: 1
--- !u!1 &1803654071277894
GameObject:
  m_ObjectHideFlags: 1
  m_CorrespondingSourceObject: {fileID: 0}
  m_PrefabInternal: {fileID: 100100000}
  serializedVersion: 6
  m_Component:
  - component: {fileID: 4884421148106912}
  m_Layer: 0
  m_Name: HARPY_ R Toe2
  m_TagString: Untagged
  m_Icon: {fileID: 0}
  m_NavMeshLayer: 0
  m_StaticEditorFlags: 0
  m_IsActive: 1
--- !u!1 &1812729383920116
GameObject:
  m_ObjectHideFlags: 1
  m_CorrespondingSourceObject: {fileID: 0}
  m_PrefabInternal: {fileID: 100100000}
  serializedVersion: 6
  m_Component:
  - component: {fileID: 4843629626921796}
  m_Layer: 0
  m_Name: HARPY_ R Calf
  m_TagString: Untagged
  m_Icon: {fileID: 0}
  m_NavMeshLayer: 0
  m_StaticEditorFlags: 0
  m_IsActive: 1
--- !u!1 &1817663753348448
GameObject:
  m_ObjectHideFlags: 1
  m_CorrespondingSourceObject: {fileID: 0}
  m_PrefabInternal: {fileID: 100100000}
  serializedVersion: 6
  m_Component:
  - component: {fileID: 4270165389354882}
  m_Layer: 0
  m_Name: HARPY_ R Clavicle
  m_TagString: Untagged
  m_Icon: {fileID: 0}
  m_NavMeshLayer: 0
  m_StaticEditorFlags: 0
  m_IsActive: 1
--- !u!1 &1823848471439230
GameObject:
  m_ObjectHideFlags: 1
  m_CorrespondingSourceObject: {fileID: 0}
  m_PrefabInternal: {fileID: 100100000}
  serializedVersion: 6
  m_Component:
  - component: {fileID: 4356770883268966}
  m_Layer: 0
  m_Name: HARPY_ R HorseLink
  m_TagString: Untagged
  m_Icon: {fileID: 0}
  m_NavMeshLayer: 0
  m_StaticEditorFlags: 0
  m_IsActive: 1
--- !u!1 &1840004815289554
GameObject:
  m_ObjectHideFlags: 1
  m_CorrespondingSourceObject: {fileID: 0}
  m_PrefabInternal: {fileID: 100100000}
  serializedVersion: 6
  m_Component:
  - component: {fileID: 4006554924557314}
  m_Layer: 0
  m_Name: HARPY_ L Toe32
  m_TagString: Untagged
  m_Icon: {fileID: 0}
  m_NavMeshLayer: 0
  m_StaticEditorFlags: 0
  m_IsActive: 1
--- !u!1 &1842884420566652
GameObject:
  m_ObjectHideFlags: 1
  m_CorrespondingSourceObject: {fileID: 0}
  m_PrefabInternal: {fileID: 100100000}
  serializedVersion: 6
  m_Component:
  - component: {fileID: 4007846023140534}
  m_Layer: 0
  m_Name: HARPY_ Spine1
  m_TagString: Untagged
  m_Icon: {fileID: 0}
  m_NavMeshLayer: 0
  m_StaticEditorFlags: 0
  m_IsActive: 1
--- !u!1 &1867689467780996
GameObject:
  m_ObjectHideFlags: 1
  m_CorrespondingSourceObject: {fileID: 0}
  m_PrefabInternal: {fileID: 100100000}
  serializedVersion: 6
  m_Component:
  - component: {fileID: 4707388043444858}
  m_Layer: 0
  m_Name: HARPY_ L Toe0
  m_TagString: Untagged
  m_Icon: {fileID: 0}
  m_NavMeshLayer: 0
  m_StaticEditorFlags: 0
  m_IsActive: 1
--- !u!1 &1882364913832338
GameObject:
  m_ObjectHideFlags: 1
  m_CorrespondingSourceObject: {fileID: 0}
  m_PrefabInternal: {fileID: 100100000}
  serializedVersion: 6
  m_Component:
  - component: {fileID: 4237324234805880}
  m_Layer: 0
  m_Name: HARPY_ Neck
  m_TagString: Untagged
  m_Icon: {fileID: 0}
  m_NavMeshLayer: 0
  m_StaticEditorFlags: 0
  m_IsActive: 1
--- !u!1 &1897948297676800
GameObject:
  m_ObjectHideFlags: 1
  m_CorrespondingSourceObject: {fileID: 0}
  m_PrefabInternal: {fileID: 100100000}
  serializedVersion: 6
  m_Component:
  - component: {fileID: 4948782750532000}
  m_Layer: 0
  m_Name: HARPY_ L Toe01
  m_TagString: Untagged
  m_Icon: {fileID: 0}
  m_NavMeshLayer: 0
  m_StaticEditorFlags: 0
  m_IsActive: 1
--- !u!1 &1917084355743736
GameObject:
  m_ObjectHideFlags: 1
  m_CorrespondingSourceObject: {fileID: 0}
  m_PrefabInternal: {fileID: 100100000}
  serializedVersion: 6
  m_Component:
  - component: {fileID: 4907221902361022}
  m_Layer: 0
  m_Name: HARPY_ L Hand
  m_TagString: Untagged
  m_Icon: {fileID: 0}
  m_NavMeshLayer: 0
  m_StaticEditorFlags: 0
  m_IsActive: 1
--- !u!1 &1949235205957898
GameObject:
  m_ObjectHideFlags: 1
  m_CorrespondingSourceObject: {fileID: 0}
  m_PrefabInternal: {fileID: 100100000}
  serializedVersion: 6
  m_Component:
  - component: {fileID: 4815195702842670}
  m_Layer: 0
  m_Name: HARPY_ L Finger0
  m_TagString: Untagged
  m_Icon: {fileID: 0}
  m_NavMeshLayer: 0
  m_StaticEditorFlags: 0
  m_IsActive: 1
--- !u!1 &1961009048259504
GameObject:
  m_ObjectHideFlags: 1
  m_CorrespondingSourceObject: {fileID: 0}
  m_PrefabInternal: {fileID: 100100000}
  serializedVersion: 6
  m_Component:
  - component: {fileID: 4646524369836842}
  m_Layer: 0
  m_Name: HARPY_ R Toe0
  m_TagString: Untagged
  m_Icon: {fileID: 0}
  m_NavMeshLayer: 0
  m_StaticEditorFlags: 0
  m_IsActive: 1
--- !u!1 &1966048634619546
GameObject:
  m_ObjectHideFlags: 1
  m_CorrespondingSourceObject: {fileID: 0}
  m_PrefabInternal: {fileID: 100100000}
  serializedVersion: 6
  m_Component:
  - component: {fileID: 4930621474700268}
  m_Layer: 0
  m_Name: HARPY_ L Finger1
  m_TagString: Untagged
  m_Icon: {fileID: 0}
  m_NavMeshLayer: 0
  m_StaticEditorFlags: 0
  m_IsActive: 1
--- !u!1 &1985948171040078
GameObject:
  m_ObjectHideFlags: 1
  m_CorrespondingSourceObject: {fileID: 0}
  m_PrefabInternal: {fileID: 100100000}
  serializedVersion: 6
  m_Component:
  - component: {fileID: 4710104736683650}
  m_Layer: 0
  m_Name: HARPY_ R Hand
  m_TagString: Untagged
  m_Icon: {fileID: 0}
  m_NavMeshLayer: 0
  m_StaticEditorFlags: 0
  m_IsActive: 1
--- !u!1 &1989380358371204
GameObject:
  m_ObjectHideFlags: 1
  m_CorrespondingSourceObject: {fileID: 0}
  m_PrefabInternal: {fileID: 100100000}
  serializedVersion: 6
  m_Component:
  - component: {fileID: 4032163522911024}
  m_Layer: 0
  m_Name: HARPY_EYE_l
  m_TagString: Untagged
  m_Icon: {fileID: 0}
  m_NavMeshLayer: 0
  m_StaticEditorFlags: 0
  m_IsActive: 1
--- !u!1 &1995179717949948
GameObject:
  m_ObjectHideFlags: 1
  m_CorrespondingSourceObject: {fileID: 0}
  m_PrefabInternal: {fileID: 100100000}
  serializedVersion: 6
  m_Component:
  - component: {fileID: 4317425228169328}
  m_Layer: 0
  m_Name: HARPY_ Queue de cheval 2
  m_TagString: Untagged
  m_Icon: {fileID: 0}
  m_NavMeshLayer: 0
  m_StaticEditorFlags: 0
  m_IsActive: 1
--- !u!1 &1999458433905658
GameObject:
  m_ObjectHideFlags: 1
  m_CorrespondingSourceObject: {fileID: 0}
  m_PrefabInternal: {fileID: 100100000}
  serializedVersion: 6
  m_Component:
  - component: {fileID: 4066153062241596}
  m_Layer: 0
  m_Name: HARPY_BREAST_R
  m_TagString: Untagged
  m_Icon: {fileID: 0}
  m_NavMeshLayer: 0
  m_StaticEditorFlags: 0
  m_IsActive: 1
--- !u!4 &4006554924557314
Transform:
  m_ObjectHideFlags: 1
  m_CorrespondingSourceObject: {fileID: 0}
  m_PrefabInternal: {fileID: 100100000}
  m_GameObject: {fileID: 1840004815289554}
  m_LocalRotation: {x: -7.466939e-10, y: 0.000000011617561, z: 0.06414051, w: 0.9979409}
  m_LocalPosition: {x: -0.054830197, y: 0, z: 0.000000038146972}
  m_LocalScale: {x: 1, y: 0.99999994, z: 1}
  m_Children: []
  m_Father: {fileID: 4298673887492388}
  m_RootOrder: 0
  m_LocalEulerAnglesHint: {x: 0, y: 0, z: 0}
--- !u!4 &4007846023140534
Transform:
  m_ObjectHideFlags: 1
  m_CorrespondingSourceObject: {fileID: 0}
  m_PrefabInternal: {fileID: 100100000}
  m_GameObject: {fileID: 1842884420566652}
  m_LocalRotation: {x: 0.00000010713831, y: -0.00000052892875, z: 0.19852543, w: 0.98009574}
  m_LocalPosition: {x: -0.26581246, y: -0.00027244567, z: -7.5582646e-10}
  m_LocalScale: {x: 0.99999994, y: 1, z: 1}
  m_Children:
  - {fileID: 4112144175314872}
  - {fileID: 4237324234805880}
  - {fileID: 4270165389354882}
  - {fileID: 4118649625306436}
  - {fileID: 4066153062241596}
  m_Father: {fileID: 4142628661653262}
  m_RootOrder: 0
  m_LocalEulerAnglesHint: {x: 0, y: 0, z: 0}
--- !u!4 &4032163522911024
Transform:
  m_ObjectHideFlags: 1
  m_CorrespondingSourceObject: {fileID: 0}
  m_PrefabInternal: {fileID: 100100000}
  m_GameObject: {fileID: 1989380358371204}
  m_LocalRotation: {x: 0.8241545, y: -0.5663651, z: -0.00000015421777, w: -0.0000010654524}
  m_LocalPosition: {x: -0.11331222, y: 0.09005783, z: 0.041873932}
  m_LocalScale: {x: 1.0000001, y: 1, z: 1.0000001}
  m_Children: []
  m_Father: {fileID: 4051618747746394}
  m_RootOrder: 2
  m_LocalEulerAnglesHint: {x: 0, y: 0, z: 0}
--- !u!4 &4051618747746394
Transform:
  m_ObjectHideFlags: 1
  m_CorrespondingSourceObject: {fileID: 0}
  m_PrefabInternal: {fileID: 100100000}
  m_GameObject: {fileID: 1124810875711186}
  m_LocalRotation: {x: 0.000000007803717, y: -0.00000014680832, z: 0.053080887, w: 0.99859023}
  m_LocalPosition: {x: -0.140074, y: 0, z: 0}
  m_LocalScale: {x: 1.0000002, y: 1.0000002, z: 1}
  m_Children:
  - {fileID: 4461270809473304}
  - {fileID: 4317425228169328}
  - {fileID: 4032163522911024}
  - {fileID: 4664345211182244}
  m_Father: {fileID: 4237324234805880}
  m_RootOrder: 0
  m_LocalEulerAnglesHint: {x: 0, y: 0, z: 0}
--- !u!4 &4066153062241596
Transform:
  m_ObjectHideFlags: 1
  m_CorrespondingSourceObject: {fileID: 0}
  m_PrefabInternal: {fileID: 100100000}
  m_GameObject: {fileID: 1999458433905658}
  m_LocalRotation: {x: -0.060209293, y: -0.044213608, z: -0.80376714, w: 0.5902358}
  m_LocalPosition: {x: -0.10956901, y: 0.13345972, z: -0.10899964}
  m_LocalScale: {x: 1.0000002, y: 1, z: 1.0000002}
  m_Children: []
  m_Father: {fileID: 4007846023140534}
  m_RootOrder: 4
  m_LocalEulerAnglesHint: {x: 0, y: 0, z: 0}
--- !u!4 &4101760403115114
Transform:
  m_ObjectHideFlags: 1
  m_CorrespondingSourceObject: {fileID: 0}
  m_PrefabInternal: {fileID: 100100000}
  m_GameObject: {fileID: 1760514189382180}
  m_LocalRotation: {x: 0.51295215, y: -0.0025673152, z: -0.16880693, w: 0.84165186}
  m_LocalPosition: {x: -0.21674158, y: 0, z: -0.00000030517577}
  m_LocalScale: {x: 1, y: 1.0000002, z: 0.99999994}
  m_Children:
  - {fileID: 4690572251367110}
  m_Father: {fileID: 4270165389354882}
  m_RootOrder: 0
  m_LocalEulerAnglesHint: {x: 0, y: 0, z: 0}
--- !u!4 &4112144175314872
Transform:
  m_ObjectHideFlags: 1
  m_CorrespondingSourceObject: {fileID: 0}
  m_PrefabInternal: {fileID: 100100000}
  m_GameObject: {fileID: 1655705672491940}
  m_LocalRotation: {x: -0.61537546, y: -0.08155328, z: 0.7814097, w: 0.063726574}
  m_LocalPosition: {x: -0.35119635, y: -0.038521443, z: 0.044882458}
  m_LocalScale: {x: 1, y: 1.0000001, z: 1.0000002}
  m_Children:
  - {fileID: 4211657559156990}
  m_Father: {fileID: 4007846023140534}
  m_RootOrder: 0
  m_LocalEulerAnglesHint: {x: 0, y: 0, z: 0}
--- !u!4 &4118649625306436
Transform:
  m_ObjectHideFlags: 1
  m_CorrespondingSourceObject: {fileID: 0}
  m_PrefabInternal: {fileID: 100100000}
  m_GameObject: {fileID: 1624039789889498}
  m_LocalRotation: {x: -0.59023577, y: 0.8037671, z: 0.044214923, w: 0.06020976}
  m_LocalPosition: {x: -0.10956901, y: 0.13345931, z: 0.10936805}
  m_LocalScale: {x: 1.0000005, y: 1.0000002, z: 1.0000002}
  m_Children: []
  m_Father: {fileID: 4007846023140534}
  m_RootOrder: 3
  m_LocalEulerAnglesHint: {x: 0, y: 0, z: 0}
--- !u!4 &4142628661653262
Transform:
  m_ObjectHideFlags: 1
  m_CorrespondingSourceObject: {fileID: 0}
  m_PrefabInternal: {fileID: 100100000}
  m_GameObject: {fileID: 1381923498369148}
  m_LocalRotation: {x: -0.0000021690316, y: 0.00000064125516, z: 0.034290712, w: 0.9994119}
  m_LocalPosition: {x: -0.11089752, y: -0.0010981751, z: 0.00000015501253}
  m_LocalScale: {x: 1.0000002, y: 1.0000002, z: 1}
  m_Children:
  - {fileID: 4007846023140534}
  m_Father: {fileID: 4721410067669766}
  m_RootOrder: 2
  m_LocalEulerAnglesHint: {x: 0, y: 0, z: 0}
--- !u!4 &4186593342252712
Transform:
  m_ObjectHideFlags: 1
  m_CorrespondingSourceObject: {fileID: 0}
  m_PrefabInternal: {fileID: 100100000}
  m_GameObject: {fileID: 1459818506165310}
  m_LocalRotation: {x: 0.00000018152288, y: -0.0000005096486, z: 0.97160566, w: 0.23660633}
  m_LocalPosition: {x: 0.17145324, y: -0.12433624, z: 0.00000058779494}
  m_LocalScale: {x: 1, y: 0.99999994, z: 1}
  m_Children: []
  m_Father: {fileID: 4721410067669766}
  m_RootOrder: 3
  m_LocalEulerAnglesHint: {x: 0, y: 0, z: 0}
--- !u!4 &4195828358138488
Transform:
  m_ObjectHideFlags: 1
  m_CorrespondingSourceObject: {fileID: 0}
  m_PrefabInternal: {fileID: 100100000}
  m_GameObject: {fileID: 1534484225879492}
  m_LocalRotation: {x: 0.000000061721515, y: -0.0000004067474, z: 0.15002638, w: 0.98868203}
  m_LocalPosition: {x: -0.13244964, y: -0.00010086059, z: -2.7997885e-10}
  m_LocalScale: {x: 1.0000001, y: 1.0000002, z: 1}
  m_Children:
  - {fileID: 4341770974427124}
  m_Father: {fileID: 4461270809473304}
  m_RootOrder: 0
  m_LocalEulerAnglesHint: {x: 0, y: 0, z: 0}
--- !u!4 &4197484814473410
Transform:
  m_ObjectHideFlags: 1
  m_CorrespondingSourceObject: {fileID: 0}
  m_PrefabInternal: {fileID: 100100000}
  m_GameObject: {fileID: 1001583281291692}
  m_LocalRotation: {x: -0.00000000745058, y: 0.000000037252903, z: -0.000000014901161,
    w: 1}
  m_LocalPosition: {x: -0.054737356, y: -0.000000009536743, z: 0.000000019073486}
  m_LocalScale: {x: 1, y: 1, z: 0.99999994}
  m_Children:
  - {fileID: 4809901487377930}
  m_Father: {fileID: 4849741156312874}
  m_RootOrder: 0
  m_LocalEulerAnglesHint: {x: 0, y: 0, z: 0}
--- !u!4 &4211657559156990
Transform:
  m_ObjectHideFlags: 1
  m_CorrespondingSourceObject: {fileID: 0}
  m_PrefabInternal: {fileID: 100100000}
  m_GameObject: {fileID: 1222439882810846}
  m_LocalRotation: {x: -0.51295215, y: 0.0025673572, z: -0.16880701, w: 0.8416518}
  m_LocalPosition: {x: -0.21674156, y: 0.000000076293944, z: 0}
  m_LocalScale: {x: 0.99999994, y: 1, z: 1}
  m_Children:
  - {fileID: 4457774298682276}
  m_Father: {fileID: 4112144175314872}
  m_RootOrder: 0
  m_LocalEulerAnglesHint: {x: 0, y: 0, z: 0}
--- !u!4 &4237324234805880
Transform:
  m_ObjectHideFlags: 1
  m_CorrespondingSourceObject: {fileID: 0}
  m_PrefabInternal: {fileID: 100100000}
  m_GameObject: {fileID: 1882364913832338}
  m_LocalRotation: {x: 0.00000009570128, y: 0.00000046713478, z: -0.20070015, w: 0.9796527}
  m_LocalPosition: {x: -0.39680976, y: -0.042907123, z: -0.000000010078074}
  m_LocalScale: {x: 1.0000001, y: 1.0000001, z: 1}
  m_Children:
  - {fileID: 4051618747746394}
  m_Father: {fileID: 4007846023140534}
  m_RootOrder: 1
  m_LocalEulerAnglesHint: {x: 0, y: 0, z: 0}
--- !u!4 &4255560516886798
Transform:
  m_ObjectHideFlags: 1
  m_CorrespondingSourceObject: {fileID: 0}
  m_PrefabInternal: {fileID: 100100000}
  m_GameObject: {fileID: 1201904748794142}
  m_LocalRotation: {x: -0.63147086, y: 0.2835176, z: 0.23102288, w: 0.683733}
  m_LocalPosition: {x: -0.08659714, y: 0.006124115, z: 0.11722473}
  m_LocalScale: {x: 1, y: 1.0000001, z: 1.0000002}
  m_Children:
  - {fileID: 4433089732071446}
  m_Father: {fileID: 4710104736683650}
  m_RootOrder: 0
  m_LocalEulerAnglesHint: {x: 0, y: 0, z: 0}
--- !u!4 &4256324921916206
Transform:
  m_ObjectHideFlags: 1
  m_CorrespondingSourceObject: {fileID: 0}
  m_PrefabInternal: {fileID: 100100000}
  m_GameObject: {fileID: 1656772437089028}
  m_LocalRotation: {x: -0, y: -0.99840254, z: -0, w: 0.056500904}
  m_LocalPosition: {x: 0.0004711151, y: -9.34, z: -0.00012207031}
  m_LocalScale: {x: 1.4917358, y: 1.4917341, z: 1.4917358}
  m_Children:
  - {fileID: 4779721362424838}
  - {fileID: 4286621289436432}
  - {fileID: 4971011613640798}
  m_Father: {fileID: 0}
  m_RootOrder: 0
  m_LocalEulerAnglesHint: {x: 0, y: -173.522, z: 0}
--- !u!4 &4264516124241946
Transform:
  m_ObjectHideFlags: 1
  m_CorrespondingSourceObject: {fileID: 0}
  m_PrefabInternal: {fileID: 100100000}
  m_GameObject: {fileID: 1697929664816350}
  m_LocalRotation: {x: 0.10401963, y: 0.0032861303, z: 0.018975202, w: 0.9943888}
  m_LocalPosition: {x: -0.33524626, y: 0.000000019073486, z: 0.000000076293944}
  m_LocalScale: {x: 0.99999994, y: 0.99999994, z: 0.9999999}
  m_Children:
  - {fileID: 4707388043444858}
  - {fileID: 4849741156312874}
  - {fileID: 4353535342776892}
  - {fileID: 4378408613546418}
  m_Father: {fileID: 4996090803836540}
  m_RootOrder: 0
  m_LocalEulerAnglesHint: {x: 0, y: 0, z: 0}
--- !u!4 &4270165389354882
Transform:
  m_ObjectHideFlags: 1
  m_CorrespondingSourceObject: {fileID: 0}
  m_PrefabInternal: {fileID: 100100000}
  m_GameObject: {fileID: 1817663753348448}
  m_LocalRotation: {x: 0.61537564, y: 0.08155109, z: 0.78140986, w: 0.0637248}
  m_LocalPosition: {x: -0.3511962, y: -0.03852106, z: -0.04488269}
  m_LocalScale: {x: 1, y: 0.99999994, z: 1.0000004}
  m_Children:
  - {fileID: 4101760403115114}
  m_Father: {fileID: 4007846023140534}
  m_RootOrder: 2
  m_LocalEulerAnglesHint: {x: 0, y: 0, z: 0}
--- !u!4 &4286621289436432
Transform:
  m_ObjectHideFlags: 1
  m_CorrespondingSourceObject: {fileID: 0}
  m_PrefabInternal: {fileID: 100100000}
  m_GameObject: {fileID: 1627363745576724}
  m_LocalRotation: {x: -0.7071068, y: -0.0000001020744, z: -0.0000001020744, w: 0.7071068}
  m_LocalPosition: {x: 0, y: 0, z: 0}
  m_LocalScale: {x: 1, y: 1, z: 1}
  m_Children:
  - {fileID: 4340109842269264}
  m_Father: {fileID: 4256324921916206}
  m_RootOrder: 1
  m_LocalEulerAnglesHint: {x: 0, y: 0, z: 0}
--- !u!4 &4298673887492388
Transform:
  m_ObjectHideFlags: 1
  m_CorrespondingSourceObject: {fileID: 0}
  m_PrefabInternal: {fileID: 100100000}
  m_GameObject: {fileID: 1270592786773396}
  m_LocalRotation: {x: 4.510282e-17, y: -0.000000012107195, z: 0.0000000037252907,
    w: 1}
  m_LocalPosition: {x: -0.061551314, y: 0, z: 0}
  m_LocalScale: {x: 0.99999994, y: 1, z: 1}
  m_Children:
  - {fileID: 4006554924557314}
  m_Father: {fileID: 4378408613546418}
  m_RootOrder: 0
  m_LocalEulerAnglesHint: {x: 0, y: 0, z: 0}
--- !u!4 &4317425228169328
Transform:
  m_ObjectHideFlags: 1
  m_CorrespondingSourceObject: {fileID: 0}
  m_PrefabInternal: {fileID: 100100000}
  m_GameObject: {fileID: 1995179717949948}
  m_LocalRotation: {x: 1.5450806e-12, y: 0.0000022681118, z: -0.8177504, w: 0.575573}
  m_LocalPosition: {x: -0.04402008, y: 0.034522094, z: 0.000000021133019}
  m_LocalScale: {x: 1, y: 1, z: 1}
  m_Children: []
  m_Father: {fileID: 4051618747746394}
  m_RootOrder: 1
  m_LocalEulerAnglesHint: {x: 0, y: 0, z: 0}
--- !u!4 &4340109842269264
Transform:
  m_ObjectHideFlags: 1
  m_CorrespondingSourceObject: {fileID: 0}
  m_PrefabInternal: {fileID: 100100000}
  m_GameObject: {fileID: 1648014296023556}
  m_LocalRotation: {x: 0.27440158, y: -0.27440178, z: 0.6516927, w: 0.6516932}
  m_LocalPosition: {x: -0.00000009123236, y: 0.15799999, z: 0.964}
  m_LocalScale: {x: 1, y: 1, z: 1}
  m_Children:
  - {fileID: 4721410067669766}
  m_Father: {fileID: 4286621289436432}
  m_RootOrder: 0
  m_LocalEulerAnglesHint: {x: 0, y: 0, z: 0}
--- !u!4 &4341770974427124
Transform:
  m_ObjectHideFlags: 1
  m_CorrespondingSourceObject: {fileID: 0}
  m_PrefabInternal: {fileID: 100100000}
  m_GameObject: {fileID: 1520185593988368}
  m_LocalRotation: {x: 0.00000004900209, y: -0.0000003637225, z: 0.13351741, w: 0.9910465}
  m_LocalPosition: {x: -0.13245323, y: -0.00010162353, z: -2.8230715e-10}
  m_LocalScale: {x: 0.9999998, y: 0.9999999, z: 1}
  m_Children:
  - {fileID: 4521207072479488}
  m_Father: {fileID: 4195828358138488}
  m_RootOrder: 0
  m_LocalEulerAnglesHint: {x: 0, y: 0, z: 0}
--- !u!4 &4353535342776892
Transform:
  m_ObjectHideFlags: 1
  m_CorrespondingSourceObject: {fileID: 0}
  m_PrefabInternal: {fileID: 100100000}
  m_GameObject: {fileID: 1254034006198124}
  m_LocalRotation: {x: -0.03298102, y: -0.036800783, z: -0.7437883, w: 0.66658604}
  m_LocalPosition: {x: -0.124385126, y: 0.13349245, z: -0.023882827}
  m_LocalScale: {x: 0.99999976, y: 1, z: 1}
  m_Children:
  - {fileID: 4725842076619998}
  m_Father: {fileID: 4264516124241946}
  m_RootOrder: 2
  m_LocalEulerAnglesHint: {x: 0, y: 0, z: 0}
--- !u!4 &4356770883268966
Transform:
  m_ObjectHideFlags: 1
  m_CorrespondingSourceObject: {fileID: 0}
  m_PrefabInternal: {fileID: 100100000}
  m_GameObject: {fileID: 1823848471439230}
  m_LocalRotation: {x: -0.000000011280105, y: -0.00000002008941, z: -0.2634985, w: 0.9646598}
  m_LocalPosition: {x: -0.2746137, y: 0, z: -0.000000038146972}
  m_LocalScale: {x: 1.0000002, y: 1.0000002, z: 1}
  m_Children:
  - {fileID: 4715556799570624}
  m_Father: {fileID: 4843629626921796}
  m_RootOrder: 0
  m_LocalEulerAnglesHint: {x: 0, y: 0, z: 0}
--- !u!4 &4378408613546418
Transform:
  m_ObjectHideFlags: 1
  m_CorrespondingSourceObject: {fileID: 0}
  m_PrefabInternal: {fileID: 100100000}
  m_GameObject: {fileID: 1257116210013566}
  m_LocalRotation: {x: 0.08340559, y: 0.091732286, z: -0.7341802, w: 0.6675389}
  m_LocalPosition: {x: -0.12550962, y: 0.13059258, z: 0.03805668}
  m_LocalScale: {x: 0.99999994, y: 1.0000001, z: 1}
  m_Children:
  - {fileID: 4298673887492388}
  m_Father: {fileID: 4264516124241946}
  m_RootOrder: 3
  m_LocalEulerAnglesHint: {x: 0, y: 0, z: 0}
--- !u!4 &4389839470322924
Transform:
  m_ObjectHideFlags: 1
  m_CorrespondingSourceObject: {fileID: 0}
  m_PrefabInternal: {fileID: 100100000}
  m_GameObject: {fileID: 1271992676604180}
  m_LocalRotation: {x: -0.69987416, y: 0.7002191, z: 0.10559971, w: 0.09337061}
  m_LocalPosition: {x: 0.00000030517577, y: 0.000000076293944, z: 0.13980949}
  m_LocalScale: {x: 1.0000001, y: 1, z: 0.9999999}
  m_Children:
  - {fileID: 4690407936720342}
  m_Father: {fileID: 4721410067669766}
  m_RootOrder: 0
  m_LocalEulerAnglesHint: {x: 0, y: 0, z: 0}
--- !u!4 &4398385637038656
Transform:
  m_ObjectHideFlags: 1
  m_CorrespondingSourceObject: {fileID: 0}
  m_PrefabInternal: {fileID: 100100000}
  m_GameObject: {fileID: 1591763889719838}
  m_LocalRotation: {x: 0.000000007325633, y: 0.0000000041848502, z: 0.030681306, w: 0.99952924}
  m_LocalPosition: {x: -0.059148557, y: 0, z: 0}
  m_LocalScale: {x: 1.0000001, y: 0.99999994, z: 1}
  m_Children: []
  m_Father: {fileID: 4744176171902374}
  m_RootOrder: 0
  m_LocalEulerAnglesHint: {x: 0, y: 0, z: 0}
--- !u!4 &4409617987029200
Transform:
  m_ObjectHideFlags: 1
  m_CorrespondingSourceObject: {fileID: 0}
  m_PrefabInternal: {fileID: 100100000}
  m_GameObject: {fileID: 1395772827852210}
  m_LocalRotation: {x: -0.08340573, y: -0.09173229, z: -0.7341801, w: 0.66753894}
  m_LocalPosition: {x: -0.12550965, y: 0.13059264, z: -0.03805679}
  m_LocalScale: {x: 1.0000002, y: 0.99999994, z: 1.0000001}
  m_Children:
  - {fileID: 4620951019007368}
  m_Father: {fileID: 4715556799570624}
  m_RootOrder: 3
  m_LocalEulerAnglesHint: {x: 0, y: 0, z: 0}
--- !u!4 &4433089732071446
Transform:
  m_ObjectHideFlags: 1
  m_CorrespondingSourceObject: {fileID: 0}
  m_PrefabInternal: {fileID: 100100000}
  m_GameObject: {fileID: 1159043392786780}
  m_LocalRotation: {x: -0.00000002990358, y: 0.0000000013269837, z: -0.13738717, w: 0.99051744}
  m_LocalPosition: {x: -0.104965664, y: 0, z: 0.00000015258789}
  m_LocalScale: {x: 1.0000001, y: 1, z: 1.0000001}
  m_Children: []
  m_Father: {fileID: 4255560516886798}
  m_RootOrder: 0
  m_LocalEulerAnglesHint: {x: 0, y: 0, z: 0}
--- !u!4 &4437810641278068
Transform:
  m_ObjectHideFlags: 1
  m_CorrespondingSourceObject: {fileID: 0}
  m_PrefabInternal: {fileID: 100100000}
  m_GameObject: {fileID: 1724767615619376}
  m_LocalRotation: {x: 0.000000026341171, y: 1.7842945e-10, z: -0.13471258, w: 0.9908847}
  m_LocalPosition: {x: -0.049815312, y: -0.000000028610229, z: 0.000000076293944}
  m_LocalScale: {x: 1, y: 1.0000001, z: 0.99999994}
  m_Children: []
  m_Father: {fileID: 4948782750532000}
  m_RootOrder: 0
  m_LocalEulerAnglesHint: {x: 0, y: 0, z: 0}
--- !u!4 &4440789572857486
Transform:
  m_ObjectHideFlags: 1
  m_CorrespondingSourceObject: {fileID: 0}
  m_PrefabInternal: {fileID: 100100000}
  m_GameObject: {fileID: 1182983739370766}
  m_LocalRotation: {x: -0.000000007432786, y: -6.9403555e-10, z: 0.030681308, w: 0.99952924}
  m_LocalPosition: {x: -0.059148617, y: -0.000000009536743, z: 0.000000038146972}
  m_LocalScale: {x: 1.0000001, y: 1, z: 0.99999994}
  m_Children: []
  m_Father: {fileID: 4725842076619998}
  m_RootOrder: 0
  m_LocalEulerAnglesHint: {x: 0, y: 0, z: 0}
--- !u!4 &4457774298682276
Transform:
  m_ObjectHideFlags: 1
  m_CorrespondingSourceObject: {fileID: 0}
  m_PrefabInternal: {fileID: 100100000}
  m_GameObject: {fileID: 1266731456686404}
  m_LocalRotation: {x: 0.000000016648158, y: -6.281124e-10, z: 0.41317418, w: 0.91065204}
  m_LocalPosition: {x: -0.5414123, y: -0.000000076293944, z: -0.000000076293944}
  m_LocalScale: {x: 0.9999999, y: 1.0000001, z: 1.0000001}
  m_Children:
  - {fileID: 4907221902361022}
  m_Father: {fileID: 4211657559156990}
  m_RootOrder: 0
  m_LocalEulerAnglesHint: {x: 0, y: 0, z: 0}
--- !u!4 &4461270809473304
Transform:
  m_ObjectHideFlags: 1
  m_CorrespondingSourceObject: {fileID: 0}
  m_PrefabInternal: {fileID: 100100000}
  m_GameObject: {fileID: 1581398062276280}
  m_LocalRotation: {x: 0.000000005530536, y: -0.0000025656348, z: 0.9300691, w: 0.36738467}
  m_LocalPosition: {x: -0.1509317, y: -0.16121703, z: -0.0000006685822}
  m_LocalScale: {x: 1.0000001, y: 1, z: 1}
  m_Children:
  - {fileID: 4195828358138488}
  m_Father: {fileID: 4051618747746394}
  m_RootOrder: 0
  m_LocalEulerAnglesHint: {x: 0, y: 0, z: 0}
--- !u!4 &4470427269503826
Transform:
  m_ObjectHideFlags: 1
  m_CorrespondingSourceObject: {fileID: 0}
  m_PrefabInternal: {fileID: 100100000}
  m_GameObject: {fileID: 1016638456375862}
  m_LocalRotation: {x: 0.01830167, y: -0.061576616, z: 0.001080229, w: 0.997934}
  m_LocalPosition: {x: -0.31407943, y: 0, z: 0.00000015258789}
  m_LocalScale: {x: 1, y: 1.0000001, z: 1}
  m_Children: []
  m_Father: {fileID: 4710104736683650}
  m_RootOrder: 1
  m_LocalEulerAnglesHint: {x: 0, y: 0, z: 0}
--- !u!4 &4521207072479488
Transform:
  m_ObjectHideFlags: 1
  m_CorrespondingSourceObject: {fileID: 0}
  m_PrefabInternal: {fileID: 100100000}
  m_GameObject: {fileID: 1032426069486476}
  m_LocalRotation: {x: 0.000000025761485, y: -0.00000026543165, z: 0.096600845, w: 0.99532324}
  m_LocalPosition: {x: -0.13246079, y: -0.000103302, z: -2.872548e-10}
  m_LocalScale: {x: 1, y: 1, z: 1}
  m_Children:
  - {fileID: 4960735319404652}
  m_Father: {fileID: 4341770974427124}
  m_RootOrder: 0
  m_LocalEulerAnglesHint: {x: 0, y: 0, z: 0}
--- !u!4 &4537364317228588
Transform:
  m_ObjectHideFlags: 1
  m_CorrespondingSourceObject: {fileID: 0}
  m_PrefabInternal: {fileID: 100100000}
  m_GameObject: {fileID: 1491742962170098}
  m_LocalRotation: {x: -0.000000015267176, y: -0.0000000016839596, z: -0.13471256,
    w: 0.9908847}
  m_LocalPosition: {x: -0.049815334, y: 0.000000019073486, z: 0.000000038146972}
  m_LocalScale: {x: 1.0000001, y: 1, z: 1}
  m_Children: []
  m_Father: {fileID: 4718559494719290}
  m_RootOrder: 0
  m_LocalEulerAnglesHint: {x: 0, y: 0, z: 0}
--- !u!4 &4620951019007368
Transform:
  m_ObjectHideFlags: 1
  m_CorrespondingSourceObject: {fileID: 0}
  m_PrefabInternal: {fileID: 100100000}
  m_GameObject: {fileID: 1230322244347116}
  m_LocalRotation: {x: 0.000000022351736, y: 0.0000000051222724, z: -0.0000000037252892,
    w: 1}
  m_LocalPosition: {x: -0.061551325, y: 0, z: 0}
  m_LocalScale: {x: 1.0000002, y: 1.0000001, z: 1}
  m_Children:
  - {fileID: 4827373431111554}
  m_Father: {fileID: 4409617987029200}
  m_RootOrder: 0
  m_LocalEulerAnglesHint: {x: 0, y: 0, z: 0}
--- !u!4 &4646524369836842
Transform:
  m_ObjectHideFlags: 1
  m_CorrespondingSourceObject: {fileID: 0}
  m_PrefabInternal: {fileID: 100100000}
  m_GameObject: {fileID: 1961009048259504}
  m_LocalRotation: {x: 0.026553776, y: -0.034605518, z: 0.60818195, w: 0.79259837}
  m_LocalPosition: {x: -0.01580431, y: -0.023682214, z: -0.008181496}
  m_LocalScale: {x: 1.0000001, y: 1.0000002, z: 1.0000004}
  m_Children:
  - {fileID: 4718559494719290}
  m_Father: {fileID: 4715556799570624}
  m_RootOrder: 0
  m_LocalEulerAnglesHint: {x: 0, y: 0, z: 0}
--- !u!4 &4664345211182244
Transform:
  m_ObjectHideFlags: 1
  m_CorrespondingSourceObject: {fileID: 0}
  m_PrefabInternal: {fileID: 100100000}
  m_GameObject: {fileID: 1556579469885832}
  m_LocalRotation: {x: 0.8241542, y: -0.5663655, z: -0.00000013597216, w: -0.0000010529141}
  m_LocalPosition: {x: -0.11331222, y: 0.09005821, z: -0.04187317}
  m_LocalScale: {x: 1.0000001, y: 1, z: 1.0000001}
  m_Children: []
  m_Father: {fileID: 4051618747746394}
  m_RootOrder: 3
  m_LocalEulerAnglesHint: {x: 0, y: 0, z: 0}
--- !u!4 &4686821100625386
Transform:
  m_ObjectHideFlags: 1
  m_CorrespondingSourceObject: {fileID: 0}
  m_PrefabInternal: {fileID: 100100000}
  m_GameObject: {fileID: 1642176347965750}
  m_LocalRotation: {x: 0.000000007450581, y: 0.000000006519259, z: -0.0000000074505815,
    w: 1}
  m_LocalPosition: {x: -0.06182617, y: -0.0000000047683715, z: -0.000000076293944}
  m_LocalScale: {x: 1, y: 1, z: 0.99999994}
  m_Children: []
  m_Father: {fileID: 4817272801407106}
  m_RootOrder: 0
  m_LocalEulerAnglesHint: {x: 0, y: 0, z: 0}
--- !u!4 &4690407936720342
Transform:
  m_ObjectHideFlags: 1
  m_CorrespondingSourceObject: {fileID: 0}
  m_PrefabInternal: {fileID: 100100000}
  m_GameObject: {fileID: 1083217149543540}
  m_LocalRotation: {x: 0.000000010375822, y: -0.0000000018342906, z: 0.5732126, w: 0.8194067}
  m_LocalPosition: {x: -0.36377424, y: 0.000000076293944, z: 0.000000076293944}
  m_LocalScale: {x: 0.9999999, y: 1.0000001, z: 1}
  m_Children:
  - {fileID: 4996090803836540}
  m_Father: {fileID: 4389839470322924}
  m_RootOrder: 0
  m_LocalEulerAnglesHint: {x: 0, y: 0, z: 0}
--- !u!4 &4690572251367110
Transform:
  m_ObjectHideFlags: 1
  m_CorrespondingSourceObject: {fileID: 0}
  m_PrefabInternal: {fileID: 100100000}
  m_GameObject: {fileID: 1767964730232582}
  m_LocalRotation: {x: -0.0000000104913855, y: -0.000000012941665, z: 0.4131742, w: 0.91065204}
  m_LocalPosition: {x: -0.54141206, y: 0.000000076293944, z: 0.00000022888183}
  m_LocalScale: {x: 0.9999998, y: 1, z: 0.9999999}
  m_Children:
  - {fileID: 4710104736683650}
  m_Father: {fileID: 4101760403115114}
  m_RootOrder: 0
  m_LocalEulerAnglesHint: {x: 0, y: 0, z: 0}
--- !u!4 &4707388043444858
Transform:
  m_ObjectHideFlags: 1
  m_CorrespondingSourceObject: {fileID: 0}
  m_PrefabInternal: {fileID: 100100000}
  m_GameObject: {fileID: 1867689467780996}
  m_LocalRotation: {x: -0.026553785, y: 0.034605592, z: 0.6081819, w: 0.79259837}
  m_LocalPosition: {x: -0.015804304, y: -0.023682207, z: 0.008181381}
  m_LocalScale: {x: 0.9999999, y: 1.0000002, z: 1.0000002}
  m_Children:
  - {fileID: 4948782750532000}
  m_Father: {fileID: 4264516124241946}
  m_RootOrder: 0
  m_LocalEulerAnglesHint: {x: 0, y: 0, z: 0}
--- !u!4 &4710104736683650
Transform:
  m_ObjectHideFlags: 1
  m_CorrespondingSourceObject: {fileID: 0}
  m_PrefabInternal: {fileID: 100100000}
  m_GameObject: {fileID: 1985948171040078}
  m_LocalRotation: {x: 0.71139026, y: -0.04220337, z: -0.29836842, w: 0.63491666}
  m_LocalPosition: {x: -0.5472258, y: -0.000000038146972, z: 0}
  m_LocalScale: {x: 1, y: 0.99999994, z: 1}
  m_Children:
  - {fileID: 4255560516886798}
  - {fileID: 4470427269503826}
  m_Father: {fileID: 4690572251367110}
  m_RootOrder: 0
  m_LocalEulerAnglesHint: {x: 0, y: 0, z: 0}
--- !u!4 &4715556799570624
Transform:
  m_ObjectHideFlags: 1
  m_CorrespondingSourceObject: {fileID: 0}
  m_PrefabInternal: {fileID: 100100000}
  m_GameObject: {fileID: 1354012679992926}
  m_LocalRotation: {x: -0.10401959, y: -0.0032861151, z: 0.01897521, w: 0.9943888}
  m_LocalPosition: {x: -0.3352465, y: 0.000000028610229, z: 0}
  m_LocalScale: {x: 1, y: 0.99999994, z: 1.0000001}
  m_Children:
  - {fileID: 4646524369836842}
  - {fileID: 4987520694721662}
  - {fileID: 4884421148106912}
  - {fileID: 4409617987029200}
  m_Father: {fileID: 4356770883268966}
  m_RootOrder: 0
  m_LocalEulerAnglesHint: {x: 0, y: 0, z: 0}
--- !u!4 &4718559494719290
Transform:
  m_ObjectHideFlags: 1
  m_CorrespondingSourceObject: {fileID: 0}
  m_PrefabInternal: {fileID: 100100000}
  m_GameObject: {fileID: 1493530389267540}
  m_LocalRotation: {x: -0.0000000014587445, y: -0.000000011080262, z: -0.13052621,
    w: 0.9914449}
  m_LocalPosition: {x: -0.05211131, y: -0.0000000047683715, z: 0.000000038146972}
  m_LocalScale: {x: 0.9999998, y: 1, z: 0.9999999}
  m_Children:
  - {fileID: 4537364317228588}
  m_Father: {fileID: 4646524369836842}
  m_RootOrder: 0
  m_LocalEulerAnglesHint: {x: 0, y: 0, z: 0}
--- !u!4 &4721410067669766
Transform:
  m_ObjectHideFlags: 1
  m_CorrespondingSourceObject: {fileID: 0}
  m_PrefabInternal: {fileID: 100100000}
  m_GameObject: {fileID: 1231665669684960}
  m_LocalRotation: {x: -0.5, y: 0.5, z: 0.49999937, w: 0.50000066}
  m_LocalPosition: {x: 0, y: 0, z: 0}
  m_LocalScale: {x: 1, y: 1, z: 1}
  m_Children:
  - {fileID: 4389839470322924}
  - {fileID: 4971057164944076}
  - {fileID: 4142628661653262}
  - {fileID: 4186593342252712}
  m_Father: {fileID: 4340109842269264}
  m_RootOrder: 0
  m_LocalEulerAnglesHint: {x: 0, y: 0, z: 0}
--- !u!4 &4721543303240908
Transform:
  m_ObjectHideFlags: 1
  m_CorrespondingSourceObject: {fileID: 0}
  m_PrefabInternal: {fileID: 100100000}
  m_GameObject: {fileID: 1044826774500640}
  m_LocalRotation: {x: 6.599382e-14, y: -0.00000021716299, z: 0.07829648, w: 0.9969301}
  m_LocalPosition: {x: -0.1324646, y: -0.00010414123, z: -2.8914654e-10}
  m_LocalScale: {x: 0.9999999, y: 0.9999999, z: 1}
  m_Children: []
  m_Father: {fileID: 4960735319404652}
  m_RootOrder: 0
  m_LocalEulerAnglesHint: {x: 0, y: 0, z: 0}
--- !u!4 &4725842076619998
Transform:
  m_ObjectHideFlags: 1
  m_CorrespondingSourceObject: {fileID: 0}
  m_PrefabInternal: {fileID: 100100000}
  m_GameObject: {fileID: 1379363309753762}
  m_LocalRotation: {x: 0.000000007534374, y: -0.0000000011834692, z: 0.05951961, w: 0.9982271}
  m_LocalPosition: {x: -0.06280955, y: 0.000000009536743, z: 0.000000038146972}
  m_LocalScale: {x: 1.0000002, y: 1.0000004, z: 1}
  m_Children:
  - {fileID: 4440789572857486}
  m_Father: {fileID: 4353535342776892}
  m_RootOrder: 0
  m_LocalEulerAnglesHint: {x: 0, y: 0, z: 0}
--- !u!4 &4744176171902374
Transform:
  m_ObjectHideFlags: 1
  m_CorrespondingSourceObject: {fileID: 0}
  m_PrefabInternal: {fileID: 100100000}
  m_GameObject: {fileID: 1108530697594476}
  m_LocalRotation: {x: -0.000000014431284, y: -0.000000008324281, z: 0.059519626,
    w: 0.9982271}
  m_LocalPosition: {x: -0.062809564, y: 0.000000014305114, z: -0.000000038146972}
  m_LocalScale: {x: 1.0000002, y: 1.0000001, z: 1}
  m_Children:
  - {fileID: 4398385637038656}
  m_Father: {fileID: 4884421148106912}
  m_RootOrder: 0
  m_LocalEulerAnglesHint: {x: 0, y: 0, z: 0}
--- !u!4 &4756970666724920
Transform:
  m_ObjectHideFlags: 1
  m_CorrespondingSourceObject: {fileID: 0}
  m_PrefabInternal: {fileID: 100100000}
  m_GameObject: {fileID: 1643894043040264}
  m_LocalRotation: {x: -0.00000004645475, y: -0.000000009540665, z: -0.1373872, w: 0.99051744}
  m_LocalPosition: {x: -0.10496582, y: 0, z: -0.00000015258789}
  m_LocalScale: {x: 1, y: 1.0000001, z: 1.0000002}
  m_Children: []
  m_Father: {fileID: 4815195702842670}
  m_RootOrder: 0
  m_LocalEulerAnglesHint: {x: 0, y: 0, z: 0}
--- !u!4 &4779721362424838
Transform:
  m_ObjectHideFlags: 1
  m_CorrespondingSourceObject: {fileID: 0}
  m_PrefabInternal: {fileID: 100100000}
  m_GameObject: {fileID: 1190536907076582}
  m_LocalRotation: {x: -0.7071068, y: 0, z: -0, w: 0.7071068}
  m_LocalPosition: {x: 0, y: 0, z: 0}
  m_LocalScale: {x: 1, y: 1, z: 1}
  m_Children: []
  m_Father: {fileID: 4256324921916206}
  m_RootOrder: 0
  m_LocalEulerAnglesHint: {x: 0, y: 0, z: 0}
--- !u!4 &4809901487377930
Transform:
  m_ObjectHideFlags: 1
  m_CorrespondingSourceObject: {fileID: 0}
  m_PrefabInternal: {fileID: 100100000}
  m_GameObject: {fileID: 1660483379966698}
  m_LocalRotation: {x: -0.000000007450581, y: 0.000000021420417, z: 1.5959455e-16,
    w: 1}
  m_LocalPosition: {x: -0.06182617, y: -0.000000009536743, z: 0.000000019073486}
  m_LocalScale: {x: 1, y: 1, z: 1}
  m_Children: []
  m_Father: {fileID: 4197484814473410}
  m_RootOrder: 0
  m_LocalEulerAnglesHint: {x: 0, y: 0, z: 0}
--- !u!4 &4815195702842670
Transform:
  m_ObjectHideFlags: 1
  m_CorrespondingSourceObject: {fileID: 0}
  m_PrefabInternal: {fileID: 100100000}
  m_GameObject: {fileID: 1949235205957898}
  m_LocalRotation: {x: 0.63147074, y: -0.28351763, z: 0.23102291, w: 0.68373305}
  m_LocalPosition: {x: -0.08659706, y: 0.0061242674, z: -0.117224656}
  m_LocalScale: {x: 1.0000001, y: 0.99999976, z: 0.99999994}
  m_Children:
  - {fileID: 4756970666724920}
  m_Father: {fileID: 4907221902361022}
  m_RootOrder: 0
  m_LocalEulerAnglesHint: {x: 0, y: 0, z: 0}
--- !u!4 &4817272801407106
Transform:
  m_ObjectHideFlags: 1
  m_CorrespondingSourceObject: {fileID: 0}
  m_PrefabInternal: {fileID: 100100000}
  m_GameObject: {fileID: 1498599199048868}
  m_LocalRotation: {x: 4.0939498e-16, y: -0.00000005494805, z: 0.000000007450583,
    w: 1}
  m_LocalPosition: {x: -0.0547373, y: -0.0000000047683715, z: 0.000000095367426}
  m_LocalScale: {x: 0.99999976, y: 0.9999998, z: 0.9999998}
  m_Children:
  - {fileID: 4686821100625386}
  m_Father: {fileID: 4987520694721662}
  m_RootOrder: 0
  m_LocalEulerAnglesHint: {x: 0, y: 0, z: 0}
--- !u!4 &4827373431111554
Transform:
  m_ObjectHideFlags: 1
  m_CorrespondingSourceObject: {fileID: 0}
  m_PrefabInternal: {fileID: 100100000}
  m_GameObject: {fileID: 1080660480204956}
  m_LocalRotation: {x: -0.0000000066885457, y: -0.000000012095446, z: 0.064140506,
    w: 0.9979409}
  m_LocalPosition: {x: -0.054830246, y: -0.000000009536743, z: 0.000000038146972}
  m_LocalScale: {x: 1, y: 1, z: 0.99999994}
  m_Children: []
  m_Father: {fileID: 4620951019007368}
  m_RootOrder: 0
  m_LocalEulerAnglesHint: {x: 0, y: 0, z: 0}
--- !u!4 &4843629626921796
Transform:
  m_ObjectHideFlags: 1
  m_CorrespondingSourceObject: {fileID: 0}
  m_PrefabInternal: {fileID: 100100000}
  m_GameObject: {fileID: 1812729383920116}
  m_LocalRotation: {x: 0.000000012812299, y: -0.000000018315163, z: 0.5732126, w: 0.8194067}
  m_LocalPosition: {x: -0.36377424, y: 0.000000038146972, z: 0.000000038146972}
  m_LocalScale: {x: 1.0000001, y: 1, z: 1}
  m_Children:
  - {fileID: 4356770883268966}
  m_Father: {fileID: 4971057164944076}
  m_RootOrder: 0
  m_LocalEulerAnglesHint: {x: 0, y: 0, z: 0}
--- !u!4 &4849741156312874
Transform:
  m_ObjectHideFlags: 1
  m_CorrespondingSourceObject: {fileID: 0}
  m_PrefabInternal: {fileID: 100100000}
  m_GameObject: {fileID: 1216944099800116}
  m_LocalRotation: {x: -0.21263118, y: -0.21263112, z: -0.6743798, w: 0.6743796}
  m_LocalPosition: {x: -0.1255096, y: 0.10814413, z: -0.06775978}
  m_LocalScale: {x: 0.99999976, y: 1, z: 1}
  m_Children:
  - {fileID: 4197484814473410}
  m_Father: {fileID: 4264516124241946}
  m_RootOrder: 1
  m_LocalEulerAnglesHint: {x: 0, y: 0, z: 0}
--- !u!4 &4884421148106912
Transform:
  m_ObjectHideFlags: 1
  m_CorrespondingSourceObject: {fileID: 0}
  m_PrefabInternal: {fileID: 100100000}
  m_GameObject: {fileID: 1803654071277894}
  m_LocalRotation: {x: 0.03298107, y: 0.036800835, z: -0.74378824, w: 0.6665861}
  m_LocalPosition: {x: -0.12438514, y: 0.13349245, z: 0.02388275}
  m_LocalScale: {x: 0.9999999, y: 1.0000001, z: 1}
  m_Children:
  - {fileID: 4744176171902374}
  m_Father: {fileID: 4715556799570624}
  m_RootOrder: 2
  m_LocalEulerAnglesHint: {x: 0, y: 0, z: 0}
--- !u!4 &4907221902361022
Transform:
  m_ObjectHideFlags: 1
  m_CorrespondingSourceObject: {fileID: 0}
  m_PrefabInternal: {fileID: 100100000}
  m_GameObject: {fileID: 1917084355743736}
  m_LocalRotation: {x: -0.7113902, y: 0.04220333, z: -0.29836848, w: 0.6349166}
  m_LocalPosition: {x: -0.54722595, y: -0.000000076293944, z: 0.00000015258789}
  m_LocalScale: {x: 0.99999976, y: 1, z: 1}
  m_Children:
  - {fileID: 4815195702842670}
  - {fileID: 4930621474700268}
  m_Father: {fileID: 4457774298682276}
  m_RootOrder: 0
  m_LocalEulerAnglesHint: {x: 0, y: 0, z: 0}
--- !u!4 &4930621474700268
Transform:
  m_ObjectHideFlags: 1
  m_CorrespondingSourceObject: {fileID: 0}
  m_PrefabInternal: {fileID: 100100000}
  m_GameObject: {fileID: 1966048634619546}
  m_LocalRotation: {x: -0.018301688, y: 0.06157659, z: 0.001080237, w: 0.997934}
  m_LocalPosition: {x: -0.31407928, y: 0, z: 0.000000076293944}
  m_LocalScale: {x: 0.99999994, y: 1, z: 0.99999994}
  m_Children: []
  m_Father: {fileID: 4907221902361022}
  m_RootOrder: 1
  m_LocalEulerAnglesHint: {x: 0, y: 0, z: 0}
--- !u!4 &4948782750532000
Transform:
  m_ObjectHideFlags: 1
  m_CorrespondingSourceObject: {fileID: 0}
  m_PrefabInternal: {fileID: 100100000}
  m_GameObject: {fileID: 1897948297676800}
  m_LocalRotation: {x: 0.000000023133017, y: 0.0000000044693516, z: -0.13052623, w: 0.9914449}
  m_LocalPosition: {x: -0.05211131, y: 0.000000009536743, z: -0.000000114440915}
  m_LocalScale: {x: 0.9999999, y: 0.9999999, z: 1}
  m_Children:
  - {fileID: 4437810641278068}
  m_Father: {fileID: 4707388043444858}
  m_RootOrder: 0
  m_LocalEulerAnglesHint: {x: 0, y: 0, z: 0}
--- !u!4 &4960735319404652
Transform:
  m_ObjectHideFlags: 1
  m_CorrespondingSourceObject: {fileID: 0}
  m_PrefabInternal: {fileID: 100100000}
  m_GameObject: {fileID: 1634610852007906}
  m_LocalRotation: {x: 0.000000023312682, y: -0.00000025267204, z: 0.09187434, w: 0.99577063}
  m_LocalPosition: {x: -0.13246177, y: -0.00010375976, z: -2.8783687e-10}
  m_LocalScale: {x: 0.99999994, y: 0.99999994, z: 1}
  m_Children:
  - {fileID: 4721543303240908}
  m_Father: {fileID: 4521207072479488}
  m_RootOrder: 0
  m_LocalEulerAnglesHint: {x: 0, y: 0, z: 0}
--- !u!4 &4971011613640798
Transform:
  m_ObjectHideFlags: 1
  m_CorrespondingSourceObject: {fileID: 0}
  m_PrefabInternal: {fileID: 100100000}
  m_GameObject: {fileID: 1095393723830806}
  m_LocalRotation: {x: 0, y: 0, z: 0, w: 1}
  m_LocalPosition: {x: -0.03, y: 1.479, z: 0.92}
  m_LocalScale: {x: 1, y: 1, z: 1}
  m_Children: []
  m_Father: {fileID: 4256324921916206}
  m_RootOrder: 2
  m_LocalEulerAnglesHint: {x: 0, y: 0, z: 0}
--- !u!4 &4971057164944076
Transform:
  m_ObjectHideFlags: 1
  m_CorrespondingSourceObject: {fileID: 0}
  m_PrefabInternal: {fileID: 100100000}
  m_GameObject: {fileID: 1630398612325268}
  m_LocalRotation: {x: -0.6998742, y: 0.70021874, z: -0.105599925, w: -0.09337291}
  m_LocalPosition: {x: -0.00000019073485, y: -0.0000003814697, z: -0.13980943}
  m_LocalScale: {x: 0.99999994, y: 1.0000001, z: 0.99999976}
  m_Children:
  - {fileID: 4843629626921796}
  m_Father: {fileID: 4721410067669766}
  m_RootOrder: 1
  m_LocalEulerAnglesHint: {x: 0, y: 0, z: 0}
--- !u!4 &4987520694721662
Transform:
  m_ObjectHideFlags: 1
  m_CorrespondingSourceObject: {fileID: 0}
  m_PrefabInternal: {fileID: 100100000}
  m_GameObject: {fileID: 1266835803060324}
  m_LocalRotation: {x: 0.2126311, y: 0.21263106, z: -0.67437977, w: 0.6743797}
  m_LocalPosition: {x: -0.12550963, y: 0.108144194, z: 0.06775966}
  m_LocalScale: {x: 1, y: 1, z: 0.99999994}
  m_Children:
  - {fileID: 4817272801407106}
  m_Father: {fileID: 4715556799570624}
  m_RootOrder: 1
  m_LocalEulerAnglesHint: {x: 0, y: 0, z: 0}
--- !u!4 &4996090803836540
Transform:
  m_ObjectHideFlags: 1
  m_CorrespondingSourceObject: {fileID: 0}
  m_PrefabInternal: {fileID: 100100000}
  m_GameObject: {fileID: 1665705671697800}
  m_LocalRotation: {x: -0.000000006455264, y: -0.000000005960265, z: -0.26349849,
    w: 0.9646598}
  m_LocalPosition: {x: -0.27461356, y: 0, z: -0.000000038146972}
  m_LocalScale: {x: 1, y: 1, z: 1.0000002}
  m_Children:
  - {fileID: 4264516124241946}
  m_Father: {fileID: 4690407936720342}
  m_RootOrder: 0
  m_LocalEulerAnglesHint: {x: 0, y: 0, z: 0}
--- !u!23 &23960681362447894
MeshRenderer:
  m_ObjectHideFlags: 1
  m_CorrespondingSourceObject: {fileID: 0}
  m_PrefabInternal: {fileID: 100100000}
  m_GameObject: {fileID: 1095393723830806}
  m_Enabled: 1
  m_CastShadows: 1
  m_ReceiveShadows: 1
  m_DynamicOccludee: 1
  m_MotionVectors: 1
  m_LightProbeUsage: 1
  m_ReflectionProbeUsage: 1
  m_RenderingLayerMask: 4294967295
  m_Materials:
  - {fileID: 10303, guid: 0000000000000000f000000000000000, type: 0}
  m_StaticBatchInfo:
    firstSubMesh: 0
    subMeshCount: 0
  m_StaticBatchRoot: {fileID: 0}
  m_ProbeAnchor: {fileID: 0}
  m_LightProbeVolumeOverride: {fileID: 0}
  m_ScaleInLightmap: 1
  m_PreserveUVs: 0
  m_IgnoreNormalsForChartDetection: 0
  m_ImportantGI: 0
  m_StitchLightmapSeams: 0
  m_SelectedEditorRenderState: 3
  m_MinimumChartSize: 4
  m_AutoUVMaxDistance: 0.5
  m_AutoUVMaxAngle: 89
  m_LightmapParameters: {fileID: 0}
  m_SortingLayerID: 0
  m_SortingLayer: 0
  m_SortingOrder: 0
--- !u!54 &54439290699018360
Rigidbody:
  m_ObjectHideFlags: 1
  m_CorrespondingSourceObject: {fileID: 0}
  m_PrefabInternal: {fileID: 100100000}
  m_GameObject: {fileID: 1656772437089028}
  serializedVersion: 2
  m_Mass: 1
  m_Drag: 0
  m_AngularDrag: 0.05
  m_UseGravity: 0
  m_IsKinematic: 0
  m_Interpolate: 0
  m_Constraints: 112
  m_CollisionDetection: 0
--- !u!95 &95828684270214490
Animator:
  serializedVersion: 3
  m_ObjectHideFlags: 1
  m_CorrespondingSourceObject: {fileID: 0}
  m_PrefabInternal: {fileID: 100100000}
  m_GameObject: {fileID: 1656772437089028}
  m_Enabled: 1
  m_Avatar: {fileID: 9000000, guid: 9ff16c3c64a68ed4cae79dbf2c464443, type: 3}
  m_Controller: {fileID: 9100000, guid: 3ae427ce6db44264ba75ab778135141d, type: 2}
  m_CullingMode: 1
  m_UpdateMode: 0
  m_ApplyRootMotion: 1
  m_LinearVelocityBlending: 0
  m_WarningMessage: 
  m_HasTransformHierarchy: 1
  m_AllowConstantClipSamplingOptimization: 1
  m_KeepAnimatorControllerStateOnDisable: 0
--- !u!114 &114663337075599470
MonoBehaviour:
  m_ObjectHideFlags: 1
  m_CorrespondingSourceObject: {fileID: 0}
  m_PrefabInternal: {fileID: 100100000}
  m_GameObject: {fileID: 1656772437089028}
  m_Enabled: 1
  m_EditorHideFlags: 0
  m_Script: {fileID: 11500000, guid: f3ee3ab97c5c9544fa324f17489bc54a, type: 3}
  m_Name: 
  m_EditorClassIdentifier: 
  speed: 4
  animator: {fileID: 95828684270214490}
  playerObject: {fileID: 0}
  returnPosition: {fileID: 0}
  shotObject: {fileID: 1345110380068744, guid: 68edcea7a42d2d941b4cf67ebd5ed203, type: 2}
  shotSpawn: {fileID: 4971011613640798}
  aggroRadius: 90
--- !u!136 &136628487328812522
CapsuleCollider:
  m_ObjectHideFlags: 1
  m_CorrespondingSourceObject: {fileID: 0}
  m_PrefabInternal: {fileID: 100100000}
  m_GameObject: {fileID: 1656772437089028}
  m_Material: {fileID: 0}
  m_IsTrigger: 0
  m_Enabled: 1
  m_Radius: 0.78
  m_Height: 2.14
  m_Direction: 1
  m_Center: {x: 0, y: 1, z: 0}
--- !u!137 &137957348690393058
SkinnedMeshRenderer:
  m_ObjectHideFlags: 1
  m_CorrespondingSourceObject: {fileID: 0}
  m_PrefabInternal: {fileID: 100100000}
  m_GameObject: {fileID: 1190536907076582}
  m_Enabled: 1
  m_CastShadows: 1
  m_ReceiveShadows: 1
  m_DynamicOccludee: 1
  m_MotionVectors: 1
  m_LightProbeUsage: 1
  m_ReflectionProbeUsage: 1
  m_RenderingLayerMask: 4294967295
  m_Materials:
  - {fileID: 2100000, guid: 9d69a15476305714c83871152445ffa9, type: 2}
  - {fileID: 2100000, guid: 77add885811c58c4495ce06a1ad97868, type: 2}
  m_StaticBatchInfo:
    firstSubMesh: 0
    subMeshCount: 0
  m_StaticBatchRoot: {fileID: 0}
  m_ProbeAnchor: {fileID: 0}
  m_LightProbeVolumeOverride: {fileID: 0}
  m_ScaleInLightmap: 1
  m_PreserveUVs: 0
  m_IgnoreNormalsForChartDetection: 0
  m_ImportantGI: 0
  m_StitchLightmapSeams: 0
  m_SelectedEditorRenderState: 3
  m_MinimumChartSize: 4
  m_AutoUVMaxDistance: 0.5
  m_AutoUVMaxAngle: 89
  m_LightmapParameters: {fileID: 0}
  m_SortingLayerID: 0
  m_SortingLayer: 0
  m_SortingOrder: 0
  serializedVersion: 2
  m_Quality: 4
  m_UpdateWhenOffscreen: 0
  m_SkinnedMotionVectors: 1
  m_Mesh: {fileID: 4300000, guid: 9ff16c3c64a68ed4cae79dbf2c464443, type: 3}
  m_Bones:
  - {fileID: 4051618747746394}
  - {fileID: 4317425228169328}
  - {fileID: 4237324234805880}
  - {fileID: 4007846023140534}
  - {fileID: 4032163522911024}
  - {fileID: 4461270809473304}
  - {fileID: 4195828358138488}
  - {fileID: 4341770974427124}
  - {fileID: 4101760403115114}
  - {fileID: 4521207072479488}
  - {fileID: 4960735319404652}
  - {fileID: 4270165389354882}
  - {fileID: 4690572251367110}
  - {fileID: 4211657559156990}
  - {fileID: 4721410067669766}
  - {fileID: 4118649625306436}
  - {fileID: 4112144175314872}
  - {fileID: 4066153062241596}
  - {fileID: 4142628661653262}
  - {fileID: 4721543303240908}
  - {fileID: 4457774298682276}
  - {fileID: 4930621474700268}
  - {fileID: 4470427269503826}
  - {fileID: 4907221902361022}
  - {fileID: 4389839470322924}
  - {fileID: 4815195702842670}
  - {fileID: 4756970666724920}
  - {fileID: 4948782750532000}
  - {fileID: 4437810641278068}
  - {fileID: 4690407936720342}
  - {fileID: 4996090803836540}
  - {fileID: 4356770883268966}
  - {fileID: 4264516124241946}
  - {fileID: 4971057164944076}
  - {fileID: 4843629626921796}
  - {fileID: 4186593342252712}
  - {fileID: 4707388043444858}
  - {fileID: 4353535342776892}
  - {fileID: 4378408613546418}
  - {fileID: 4298673887492388}
  - {fileID: 4006554924557314}
  - {fileID: 4440789572857486}
  - {fileID: 4725842076619998}
  - {fileID: 4849741156312874}
  - {fileID: 4197484814473410}
  - {fileID: 4809901487377930}
  - {fileID: 4664345211182244}
  - {fileID: 4710104736683650}
  - {fileID: 4433089732071446}
  - {fileID: 4537364317228588}
  - {fileID: 4255560516886798}
  - {fileID: 4715556799570624}
  - {fileID: 4646524369836842}
  - {fileID: 4409617987029200}
  - {fileID: 4620951019007368}
  - {fileID: 4827373431111554}
  - {fileID: 4884421148106912}
  - {fileID: 4744176171902374}
  - {fileID: 4398385637038656}
  - {fileID: 4817272801407106}
  - {fileID: 4987520694721662}
  - {fileID: 4686821100625386}
  - {fileID: 4718559494719290}
  m_BlendShapeWeights: []
  m_RootBone: {fileID: 4721410067669766}
  m_AABB:
    m_Center: {x: -0.15783608, y: 0.06318486, z: 0.0000010728836}
    m_Extent: {x: 1.2284338, y: 0.9944602, z: 2.4601083}
  m_DirtyAABB: 0
